@Manual{citeR,
    title = {R: A Language and Environment for Statistical Computing},
    author = {{R Core Team}},
    organization = {R Foundation for Statistical Computing},
    address = {Vienna, Austria},
    year = {2020},
    url = {https://www.R-project.org/},
  }

  
@Article{citeTidyverse,
    title = {Welcome to the {tidyverse}},
    author = {Hadley Wickham and Mara Averick and Jennifer Bryan and Winston Chang and Lucy D'Agostino McGowan and Romain François and Garrett Grolemund and Alex Hayes and Lionel Henry and Jim Hester and Max Kuhn and Thomas Lin Pedersen and Evan Miller and Stephan Milton Bache and Kirill Müller and Jeroen Ooms and David Robinson and Dana Paige Seidel and Vitalie Spinu and Kohske Takahashi and Davis Vaughan and Claus Wilke and Kara Woo and Hiroaki Yutani},
    year = {2019},
    journal = {Journal of Open Source Software},
    volume = {4},
    number = {43},
    pages = {1686},
    doi = {10.21105/joss.01686},
  }
  
@Book{citemarkdown,
    title = {R Markdown Cookbook},
    author = {Yihui Xie and Christophe Dervieux and Emily Riederer},
    publisher = {Chapman and Hall/CRC},
    address = {Boca Raton, Florida},
    year = {2020},
    note = {ISBN 9780367563837},
    url = {https://bookdown.org/yihui/rmarkdown-cookbook},
  }
  
@Manual{citeIPUMS,
  title = {IPUMS USA: Version 10.0 [ACS 2018]},
  author = {Steven Ruggles and Sarah Flood and Ronald Goeken and Josiah Grover and Erin Meyer and Jose Pacas and Matthew Sobek},
  year = {2022},
  organization = {Minneapolis, MN: IPUMS},
  url = {https://doi.org/10.18128/D010.V10.0},
  }
  
@Manual{citeUCLA,
  title = {Democracy Fund + UCLA Nationscape},
  author = {Chris Tausanovitch and Lynn Vavreck},
  year = {2020},
  organization = {December 10-17, 2020 (version 20200814)},
  url = {https://www.voterstudygroup.org/publication/nationscape-data-set}
}
  
  
@Manual{citeKnitr,
  title = {knitr: A General-Purpose Package for Dynamic Report Generation in R},
  author = {Yihui Xie},
  year = {2020},
  note = {R package version 1.30},
  url = {https://yihui.org/knitr/},
}
  
@Manual{citekableExtra,
    title = {kableExtra: Construct Complex Table with 'kable' and Pipe Syntax},
    author = {Hao Zhu},
    year = {2021},
    note = {R package version 1.3.4},
    url = {https://CRAN.R-project.org/package=kableExtra},
  }
  
@Manual{citebroom,
    title = {broom: Convert Statistical Objects into Tidy Tibbles},
    author = {David Robinson and Alex Hayes and Simon Couch},
    year = {2022},
    note = {R package version 0.7.12},
    url = {https://CRAN.R-project.org/package=broom},
  }
  
@Manual{citepatchwork,
    title = {patchwork: The Composer of Plots},
    author = {Thomas Lin Pedersen},
    year = {2020},
    note = {R package version 1.1.1},
    url = {https://CRAN.R-project.org/package=patchwork},
  } 
  
@Manual{citehaven,
    title = {haven: Import and Export 'SPSS', 'Stata' and 'SAS' Files},
    author = {Hadley Wickham and Evan Miller},
    year = {2021},
    note = {R package version 2.4.3},
    url = {https://CRAN.R-project.org/package=haven},
  }  

@misc{politico, 
  title={Trump pulls off biggest upset in U.S. history}, 
  url={https://www.politico.com/story/2016/11/election-results-2016-clinton-trump-231070}, 
  journal={Politico}, 
  publisher={Politico}, 
  author={Shane Goldmacher, Ben Schrekinger}, 
  year={2016}, 
  month={11}
}

@misc{newyorktimes, 
  title={Trump pulls off biggest upset in U.S. history}, 
  url={https://www.nytimes.com/2016/11/10/business/media/news-outlets-wonder-where-the-predictions-went-wrong.html}, 
  journal={The New York Times}, 
  publisher={The New York Times}, 
  author={Jim Rutenberg}, 
  year={2016}, 
  month={11}
}

@misc{economist, 
  title={Forecasting the US elections}, 
  url={https://projects.economist.com/us-2020-forecast/president}, 
  journal={The Economist}, 
  publisher={The Economist}, 
  author={Andrew Gelman, Merlin Heidemanns}, 
  year={2019}, 
  month={11}
}